<?xml version="1.0" encoding="UTF-8"?><collection xmlns="http://www.loc.gov/MARC21/slim"><record><leader>00586nam--2200205-u-4500</leader><controlfield tag="001">000053562</controlfield><controlfield tag="002">20161230</controlfield><controlfield tag="005">20161230201051</controlfield><controlfield tag="008">110428s1000------------r-----000-0-rus-d</controlfield><datafield ind1=" " ind2=" " tag="040"><subfield code="a">IFIN-HH</subfield></datafield><datafield ind1=" " ind2=" " tag="041"><subfield code="a">rus</subfield></datafield><datafield ind1=" " ind2=" " tag="080"><subfield code="a">535.375.5</subfield></datafield><datafield ind1="1" ind2=" " tag="100"><subfield code="a">Chang,Richard K./S.A.</subfield></datafield><datafield ind1="1" ind2="0" tag="245"><subfield code="a">Gigantskoe kombinationnoe rasseianie</subfield><subfield code="c">Richard k. chang; thomas e. furtak</subfield></datafield><datafield ind1=" " ind2=" " tag="260"><subfield code="a">Moskva</subfield><subfield code="b">Mir</subfield><subfield code="c">1984</subfield></datafield><datafield ind1=" " ind2=" " tag="300"><subfield code="a">407P</subfield></datafield><datafield ind1=" " ind2=" " tag="500"><subfield code="a">Titlul Original In Limba Engleza: Surface Enhanced Raman Scattering</subfield></datafield><datafield ind1="1" ind2=" " tag="700"><subfield code="a">Furtak, Thomas E</subfield></datafield><datafield ind1=" " ind2=" " tag="852"><subfield code="a">71935</subfield><subfield code="c">535.37</subfield></datafield><datafield ind1=" " ind2=" " tag="CAT"><subfield code="a">Sys</subfield><subfield code="c">20110428</subfield><subfield code="h">102051</subfield></datafield></record></collection>